<collection xmlns="http://www.loc.gov/MARC21/slim"><record><leader>00965nam0 2200277   450</leader><controlfield tag="001">532</controlfield><controlfield tag="003">http://montalegre.opacnet.com/OPAC/default.aspx?ContentAreaControl=ShowRegHoldings.ascx&amp;RegNo=16662</controlfield><controlfield tag="005">20</controlfield><datafield tag="100" ind1=" " ind2=" "><subfield code="a">20070518d--------k  y0pory0103    ba</subfield></datafield><datafield tag="101" ind1="0" ind2=" "><subfield code="a">por</subfield><subfield code="c">fre</subfield></datafield><datafield tag="102" ind1=" " ind2=" "><subfield code="a">PT</subfield></datafield><datafield tag="200" ind1="1" ind2=" "><subfield code="a">&lt;Os &gt;Miseráveis</subfield><subfield code="f">Vitor Hugo</subfield></datafield><datafield tag="210" ind1=" " ind2=" "><subfield code="a">Porto</subfield><subfield code="c">Lello&amp;irmão</subfield></datafield><datafield tag="215" ind1=" " ind2=" "><subfield code="a">Vol.I, 466p.; Vol.II, 474 p.; Vol.III, 493 p.; Vol.IV, 487 p.; Vol.V, 483 p.</subfield><subfield code="d">15cm</subfield></datafield><datafield tag="225" ind1="2" ind2=" "><subfield code="a">Lusitânia</subfield></datafield><datafield tag="304" ind1=" " ind2=" "><subfield code="a">Les misérables</subfield></datafield><datafield tag="606" ind1=" " ind2=" "><subfield code="a">Literatura francesa</subfield></datafield><datafield tag="675" ind1=" " ind2=" "><subfield code="a">821</subfield><subfield code="v">bn</subfield><subfield code="z">por</subfield></datafield><datafield tag="700" ind1=" " ind2="1"><subfield code="a">Hugo</subfield><subfield code="b">Victor</subfield><subfield code="f">1802-1885</subfield></datafield><datafield tag="801" ind1=" " ind2="0"><subfield code="a">PT</subfield><subfield code="b">Biblioteca Municipal de Montalegre</subfield><subfield code="g">RPC</subfield></datafield><datafield tag="909" ind1="&#9;" ind2=" "><subfield code="a">7</subfield></datafield><datafield tag="966" ind1=" " ind2=" "><subfield code="a">0012650</subfield><subfield code="d">I</subfield><subfield code="l">BMM</subfield><subfield code="s">SCG 821 HUG mis Vol.I</subfield></datafield><datafield tag="966" ind1=" " ind2=" "><subfield code="a">0012651</subfield><subfield code="l">BMM</subfield><subfield code="s">SCG 821 HUG mis Vol.II</subfield></datafield><datafield tag="966" ind1=" " ind2=" "><subfield code="a">0012652</subfield><subfield code="l">BMM</subfield><subfield code="s">SCG 821 HUG mis Vol.III</subfield></datafield><datafield tag="966" ind1=" " ind2=" "><subfield code="a">0012653</subfield><subfield code="l">BMM</subfield><subfield code="s">SCG 821 HUG mis Vol.IV</subfield></datafield><datafield tag="966" ind1=" " ind2=" "><subfield code="a">0012654</subfield><subfield code="l">BMM</subfield><subfield code="s">SCG 821 HUG mis Vol.IV</subfield></datafield><datafield tag="966" ind1=" " ind2=" "><subfield code="a">0012655</subfield><subfield code="l">BMM</subfield><subfield code="s">SCG 821 HUG mis Vol.V</subfield></datafield><datafield tag="966" ind1=" " ind2=" "><subfield code="a">0012656</subfield><subfield code="l">BMM</subfield><subfield code="s">SCG 821 HUG mis Vol.V</subfield></datafield></record></collection>